@article{Albrecht+Steinhardt1982,
  title = {Cosmology for Grand Unified Theories with Radiatively Induced Symmetry Breaking},
  author = {Albrecht, Andreas and Steinhardt, Paul J.},
  journal = {Phys. Rev. Lett.},
  volume = {48},
  issue = {17},
  pages = {1220--1223},
  numpages = {0},
  year = {1982},
  month = {Apr},
  publisher = {American Physical Society},
  doi = {10.1103/PhysRevLett.48.1220},
  url = {http://link.aps.org/doi/10.1103/PhysRevLett.48.1220}
}


@article{Boyle+2006,
  title = {Inflationary Predictions for Scalar and Tensor Fluctuations Reconsidered},
  author = {Boyle, Latham A. and Steinhardt, Paul J. and Turok, Neil},
  journal = {Phys. Rev. Lett.},
  volume = {96},
  issue = {11},
  pages = {111301},
  numpages = {4},
  year = {2006},
  month = {Mar},
  publisher = {American Physical Society},
  doi = {10.1103/PhysRevLett.96.111301},
  url = {http://link.aps.org/doi/10.1103/PhysRevLett.96.111301}
}

@article{Guth1981,
  title = {Inflationary universe: A possible solution to the horizon and flatness problems},
  author = {Guth, Alan},
  journal = {Phys. Rev. D},
  volume = {23},
  issue = {2},
  pages = {347--356},
  numpages = {10},
  year = {1981},
  month = {Jan},
  publisher = {American Physical Society},
  doi = {10.1103/PhysRevD.23.347},
  url = {http://link.aps.org/doi/10.1103/PhysRevD.23.347}
}

@article{Guth+Weinberg1983,
title = "Could the universe have recovered from a slow first-order phase transition? ",
journal = "Nuclear Physics B ",
volume = "212",
number = "2",
pages = "321 - 364",
year = "1983",
note = "",
issn = "0550-3213",
doi = "http://dx.doi.org/10.1016/0550-3213(83)90307-3",
url = "http://www.sciencedirect.com/science/article/pii/0550321383903073",
author = "Alan H. Guth and Erick J. Weinberg"
}

@article{Linde2000,
title = "Inflationary cosmology ",
journal = "Physics Reports ",
volume = "333–334",
number = "0",
pages = "575 - 591",
year = "2000",
note = "",
issn = "0370-1573",
doi = "http://dx.doi.org/10.1016/S0370-1573(00)00038-7",
url = "http://www.sciencedirect.com/science/article/pii/S0370157300000387",
author = "Andrei Linde",
keywords = "Inflation",
keywords = "Cosmology",
keywords = "Global structure",
keywords = "Preheating "
}

@ARTICLE{LindeBook2005,
   author = {{Linde}, A.},
    title = "{Particle Physics and Inflationary Cosmology}",
  journal = {ArXiv High Energy Physics - Theory e-prints},
   eprint = {hep-th/0503203},
 keywords = {Astrophysics, General Relativity and Quantum Cosmology, High Energy Physics - Phenomenology, High Energy Physics - Theory},
     year = 2005,
    month = mar,
   adsurl = {http://adsabs.harvard.edu/abs/2005hep.th....3203L},
  adsnote = {Provided by the SAO/NASA Astrophysics Data System}
}

@article{Planck2013,
	author = {{Planck Collaboration} and {Ade, P. A. R.} and {Aghanim, N.} and {Armitage-Caplan, C.} and {Arnaud, M.} and {Ashdown, M.} and {Atrio-Barandela, F.} and {Aumont, J.} and {Baccigalupi, C.} and {Banday, A. J.} and {Barreiro, R. B.} and {Bartlett, J. G.} and {Bartolo, N.} and {Battaner, E.} and {Benabed, K.} and {Benoît, A.} and {Benoit-Lévy, A.} and {Bernard, J.-P.} and {Bersanelli, M.} and {Bielewicz, P.} and {Bobin, J.} and {Bock, J. J.} and {Bonaldi, A.} and {Bond, J. R.} and {Borrill, J.} and {Bouchet, F. R.} and {Bridges, M.} and {Bucher, M.} and {Burigana, C.} and {Butler, R. C.} and {Calabrese, E.} and {Cardoso, J.-F.} and {Catalano, A.} and {Challinor, A.} and {Chamballu, A.} and {Chiang, H. C.} and {Chiang, L.-Y.} and {Christensen, P. R.} and {Church, S.} and {Clements, D. L.} and {Colombi, S.} and {Colombo, L. P. L.} and {Couchot, F.} and {Coulais, A.} and {Crill, B. P.} and {Curto, A.} and {Cuttaia, F.} and {Danese, L.} and {Davies, R. D.} and {Davis, R. J.} and {de Bernardis, P.} and {de Rosa, A.} and {de Zotti, G.} and {Delabrouille, J.} and {Delouis, J.-M.} and {Désert, F.-X.} and {Dickinson, C.} and {Diego, J. M.} and {Dole, H.} and {Donzelli, S.} and {Doré, O.} and {Douspis, M.} and {Dunkley, J.} and {Dupac, X.} and {Efstathiou, G.} and {Enßlin, T. A.} and {Eriksen, H. K.} and {Finelli, F.} and {Forni, O.} and {Frailis, M.} and {Franceschi, E.} and {Galeotta, S.} and {Ganga, K.} and {Gauthier, C.} and {Giard, M.} and {Giardino, G.} and {Giraud-Héraud, Y.} and {González-Nuevo, J.} and {Górski, K. M.} and {Gratton, S.} and {Gregorio, A.} and {Gruppuso, A.} and {Hamann, J.} and {Hansen, F. K.} and {Hanson, D.} and {Harrison, D.} and {Henrot-Versillé, S.} and {Hernández-Monteagudo, C.} and {Herranz, D.} and {Hildebrandt, S. R.} and {Hivon, E.} and {Hobson, M.} and {Holmes, W. A.} and {Hornstrup, A.} and {Hovest, W.} and {Huffenberger, K. M.} and {Jaffe, A. H.} and {Jaffe, T. R.} and {Jones, W. C.} and {Juvela, M.} and {Keihänen, E.} and {Keskitalo, R.} and {Kisner, T. S.} and {Kneissl, R.} and {Knoche, J.} and {Knox, L.} and {Kunz, M.} and {Kurki-Suonio, H.} and {Lagache, G.} and {Lähteenmäki, A.} and {Lamarre, J.-M.} and {Lasenby, A.} and {Laureijs, R. J.} and {Lawrence, C. R.} and {Leach, S.} and {Leahy, J. P.} and {Leonardi, R.} and {Lesgourgues, J.} and {Lewis, A.} and {Liguori, M.} and {Lilje, P. B.} and {Linden-Vørnle, M.} and {López-Caniego, M.} and {Lubin, P. M.} and {Macías-Pérez, J. F.} and {Maffei, B.} and {Maino, D.} and {Mandolesi, N.} and {Maris, M.} and {Marshall, D. J.} and {Martin, P. G.} and {Martínez-González, E.} and {Masi, S.} and {Massardi, M.} and {Matarrese, S.} and {Matthai, F.} and {Mazzotta, P.} and {Meinhold, P. R.} and {Melchiorri, A.} and {Mendes, L.} and {Mennella, A.} and {Migliaccio, M.} and {Mitra, S.} and {Miville-Deschênes, M.-A.} and {Moneti, A.} and {Montier, L.} and {Morgante, G.} and {Mortlock, D.} and {Moss, A.} and {Munshi, D.} and {Murphy, J. A.} and {Naselsky, P.} and {Nati, F.} and {Natoli, P.} and {Netterfield, C. B.} and {Nørgaard-Nielsen, H. U.} and {Noviello, F.} and {Novikov, D.} and {Novikov, I.} and {O’Dwyer, I. J.} and {Osborne, S.} and {Oxborrow, C. A.} and {Paci, F.} and {Pagano, L.} and {Pajot, F.} and {Paladini, R.} and {Pandolfi, S.} and {Paoletti, D.} and {Partridge, B.} and {Pasian, F.} and {Patanchon, G.} and {Peiris, H. V.} and {Perdereau, O.} and {Perotto, L.} and {Perrotta, F.} and {Piacentini, F.} and {Piat, M.} and {Pierpaoli, E.} and {Pietrobon, D.} and {Plaszczynski, S.} and {Pointecouteau, E.} and {Polenta, G.} and {Ponthieu, N.} and {Popa, L.} and {Poutanen, T.} and {Pratt, G. W.} and {Prézeau, G.} and {Prunet, S.} and {Puget, J.-L.} and {Rachen, J. P.} and {Rebolo, R.} and {Reinecke, M.} and {Remazeilles, M.} and {Renault, C.} and {Ricciardi, S.} and {Riller, T.} and {Ristorcelli, I.} and {Rocha, G.} and {Rosset, C.} and {Roudier, G.} and {Rowan-Robinson, M.} and {Rubiño-Martín, J. A.} and {Rusholme, B.} and {Sandri, M.} and {Santos, D.} and {Savelainen, M.} and {Savini, G.} and {Scott, D.} and {Seiffert, M. D.} and {Shellard, E. P. S.} and {Spencer, L. D.} and {Starck, J.-L.} and {Stolyarov, V.} and {Stompor, R.} and {Sudiwala, R.} and {Sunyaev, R.} and {Sureau, F.} and {Sutton, D.} and {Suur-Uski, A.-S.} and {Sygnet, J.-F.} and {Tauber, J. A.} and {Tavagnacco, D.} and {Terenzi, L.} and {Toffolatti, L.} and {Tomasi, M.} and {Tréguer-Goudineau, J.} and {Tristram, M.} and {Tucci, M.} and {Tuovinen, J.} and {Valenziano, L.} and {Valiviita, J.} and {Van Tent, B.} and {Varis, J.} and {Vielva, P.} and {Villa, F.} and {Vittorio, N.} and {Wade, L. A.} and {Wandelt, B. D.} and {White, M.} and {Wilkinson, A.} and {Yvon, D.} and {Zacchei, A.} and {Zibin, J. P.} and {Zonca, A.}},
	title = {Planck 2013 results. XXII. Constraints on
          inflation},
	DOI= "10.1051/0004-6361/201321569",
	url= "http://dx.doi.org/10.1051/0004-6361/201321569",
	journal = {A\&A},
	year = 2014,
	volume = 571,
	pages = "A22",
	month = "",
}


@article{Wang+1997,
title = "On the problem of predicting inflationary perturbations ",
journal = "Physics Letters B ",
volume = "414",
number = "1–2",
pages = "18 - 27",
year = "1997",
note = "",
issn = "0370-2693",
doi = "http://dx.doi.org/10.1016/S0370-2693(97)01166-0",
url = "http://www.sciencedirect.com/science/article/pii/S0370269397011660",
author = "Limin Wang and V.F. Mukhanov and Paul J. Steinhardt"
}

